<?xml version="1.0" encoding="UTF-8"?><collection xmlns="http://www.loc.gov/MARC21/slim"><record><leader>00414nam--2200133-i-4500</leader><controlfield tag="001">000007279</controlfield><controlfield tag="002">20161230</controlfield><controlfield tag="005">20170304205716</controlfield><controlfield tag="008">060222s1000------------r-----000-0-eng-d</controlfield><datafield ind1=" " ind2=" " tag="245"><subfield code="a">Classification et definitions des shemas et di agrammes utilises en electrotechnique</subfield></datafield><datafield ind1=" " ind2=" " tag="260"><subfield code="a">Geneve</subfield><subfield code="b">Commission Electrotechnique Internationale</subfield><subfield code="c">1959</subfield></datafield><datafield ind1=" " ind2=" " tag="300"><subfield code="a">11 p</subfield></datafield><datafield ind1=" " ind2=" " tag="490"><subfield code="a">Publication 113</subfield></datafield><datafield ind1=" " ind2=" " tag="CAT"><subfield code="a">SYS</subfield><subfield code="c">20170304</subfield><subfield code="h">205716</subfield></datafield></record></collection>